@article{gomez2018scutoids,
  title={Scutoids are a geometrical solution to three-dimensional packing of epithelia},
  author={G{\'o}mez-G{\'a}lvez, Pedro and Vicente-Munuera, Pablo and Tagua, Antonio and Forja, Cristina and Castro, Ana M and Letr{\'a}n, Marta and Valencia-Exp{\'o}sito, Andrea and Grima, Clara and Berm{\'u}dez-Gallardo, Marina and Serrano-P{\'e}rez-Higueras, {\'O}scar and others},
  journal={Nature communications},
  volume={9},
  number={1},
  pages={1--14},
  year={2018},
  publisher={Nature Publishing Group}
}

@article{aland2015mechanistic,
  title={A mechanistic collective cell model for epithelial colony growth and contact inhibition},
  author={Aland, Sebastian and Hatzikirou, Haralambos and Lowengrub, John and Voigt, Axel},
  journal={Biophysical journal},
  volume={109},
  number={7},
  pages={1347--1357},
  year={2015},
  publisher={Elsevier}
}
@article{gibson2006emergence,
  title={The emergence of geometric order in proliferating metazoan epithelia},
  author={Gibson, Matthew C and Patel, Ankit B and Nagpal, Radhika and Perrimon, Norbert},
  journal={Nature},
  volume={442},
  number={7106},
  pages={1038--1041},
  year={2006},
  publisher={Nature Publishing Group}
}
@article{farhadifar2007influence,
  title={The influence of cell mechanics, cell-cell interactions, and proliferation on epithelial packing},
  author={Farhadifar, Reza and Roper, Jens-Christian and Aigouy, Benoit and Eaton, Suzanne and Julicher, Frank},
  journal={Current Biology},
  volume={17},
  number={24},
  pages={2095--2104},
  year={2007},
  publisher={Elsevier}
}
